<?xml version="1.0" encoding="UTF-8"?><record xmlns="http://www.loc.gov/MARC21/slim" xmlns:cinclude="http://apache.org/cocoon/include/1.0" xmlns:zs="http://www.loc.gov/zing/srw/">
  <leader>00782cz  a2200181n  4500</leader>
  <controlfield tag="001">n  86097764 </controlfield>
  <controlfield tag="003">DLC</controlfield>
  <controlfield tag="005">20081016080744.0</controlfield>
  <controlfield tag="008">861231n| acannaabn          |b aaa      </controlfield>
  <datafield tag="010" ind1=" " ind2=" ">
    <subfield code="a">n  86097764 </subfield>
    <subfield code="z">n 2002055271</subfield>
  </datafield>
  <datafield tag="035" ind1=" " ind2=" ">
    <subfield code="a">(OCoLC)oca01771089</subfield>
  </datafield>
  <datafield tag="040" ind1=" " ind2=" ">
    <subfield code="a">DLC</subfield>
    <subfield code="b">eng</subfield>
    <subfield code="c">DLC</subfield>
    <subfield code="d">DLC</subfield>
    <subfield code="d">OCoLC</subfield>
  </datafield>
  <datafield tag="100" ind1="1" ind2=" ">
    <subfield code="a">Omoto, Keiichi,</subfield>
    <subfield code="d">1933-</subfield>
  </datafield>
  <datafield tag="400" ind1="1" ind2=" ">
    <subfield code="a">尾本恵市,</subfield>
    <subfield code="d">1933-</subfield>
  </datafield>
  <datafield tag="667" ind1=" " ind2=" ">
    <subfield code="a">Machine-derived non-Latin script reference project.</subfield>
  </datafield>
  <datafield tag="667" ind1=" " ind2=" ">
    <subfield code="a">Non-Latin script reference not evaluated.</subfield>
  </datafield>
  <datafield tag="670" ind1=" " ind2=" ">
    <subfield code="a">His Karada kara Nihonjin no kigen o saguru, 1986:</subfield>
    <subfield code="b">t.p. (Omoto Keiichi) colophon (r; b. 1933; prof., Tōkyō Daigaku)</subfield>
  </datafield>
  <datafield tag="670" ind1=" " ind2=" ">
    <subfield code="a">Interdisciplinary perspectives on the origins of the Japanese, 1999:</subfield>
    <subfield code="b">t.p. (Omoto Keiichi) p. 3 (w. International Research Center for Japanese Studies, Japan)</subfield>
  </datafield>
</record>